[gd_scene format=3 uid="uid://doqj2bacpod3g"]

[node name="Interactive" type="GcsArmorGenerator"]
config = NodePath("VBoxContainer/InteractiveTabs/📋ConfigView/ConfigText")
gcs_library = NodePath("GcsLibrary")
log = NodePath("VBoxContainer/Log")
armor_designs_container = NodePath("VBoxContainer/InteractiveTabs")
edit_designs_button = NodePath("VBoxContainer/InteractiveTabs/📋ConfigView/HBoxContainer/EditDesignButton")
anchors_preset = 15
anchor_right = 1.0
anchor_bottom = 1.0
grow_horizontal = 2
grow_vertical = 2

[node name="LoadFileDialog" type="FileDialog" parent="."]
title = "Open File(s)"
position = Vector2i(0, 36)
size = Vector2i(816, 600)
ok_button_text = "Open"
file_mode = 1
access = 2
use_native_dialog = true

[node name="VBoxContainer" type="VSplitContainer" parent="."]
layout_mode = 2

[node name="InteractiveTabs" type="TabContainer" parent="VBoxContainer"]
layout_mode = 2
size_flags_vertical = 3

[node name="📋ConfigView" type="VBoxContainer" parent="VBoxContainer/InteractiveTabs"]
layout_mode = 2

[node name="HBoxContainer" type="HBoxContainer" parent="VBoxContainer/InteractiveTabs/📋ConfigView"]
layout_mode = 2

[node name="LoadConfigButton" type="Button" parent="VBoxContainer/InteractiveTabs/📋ConfigView/HBoxContainer"]
layout_mode = 2
text = "Load Config File"

[node name="EditDesignButton" type="MenuButton" parent="VBoxContainer/InteractiveTabs/📋ConfigView/HBoxContainer"]
layout_mode = 2
text = "Edit Design..."

[node name="NewArmorDesignButton" type="Button" parent="VBoxContainer/InteractiveTabs/📋ConfigView/HBoxContainer"]
layout_mode = 2
text = "New Armor Design"

[node name="GenerateGcsLibraryButton" type="Button" parent="VBoxContainer/InteractiveTabs/📋ConfigView/HBoxContainer"]
layout_mode = 2
text = "Generate GCS library"

[node name="ConfigText" type="TextEdit" parent="VBoxContainer/InteractiveTabs/📋ConfigView"]
layout_mode = 2
size_flags_vertical = 3
placeholder_text = "Config text..."

[node name="Log" type="TextEdit" parent="VBoxContainer"]
layout_mode = 2
size_flags_vertical = 3
size_flags_stretch_ratio = 0.25

[node name="GcsLibrary" type="TextEdit" parent="."]
visible = false
layout_mode = 2

[connection signal="file_selected" from="LoadFileDialog" to="." method="load_config_file"]
[connection signal="files_selected" from="LoadFileDialog" to="." method="load_config_files"]
[connection signal="pressed" from="VBoxContainer/InteractiveTabs/📋ConfigView/HBoxContainer/LoadConfigButton" to="LoadFileDialog" method="show"]
[connection signal="pressed" from="VBoxContainer/InteractiveTabs/📋ConfigView/HBoxContainer/EditDesignButton" to="." method="generate_designs_buttons"]
[connection signal="pressed" from="VBoxContainer/InteractiveTabs/📋ConfigView/HBoxContainer/NewArmorDesignButton" to="." method="new_armor_design"]
[connection signal="pressed" from="VBoxContainer/InteractiveTabs/📋ConfigView/HBoxContainer/GenerateGcsLibraryButton" to="." method="generate"]
[connection signal="pressed" from="VBoxContainer/InteractiveTabs/📋ConfigView/HBoxContainer/GenerateGcsLibraryButton" to="." method="preview_gcs_lib"]
